@article{vanet0,
  title={车载自组网的现状与发展},
  author={常促宇 and 向勇 and 史美林},
  journal={通信学报},
  volume={28},
  number={011},
  pages={116-126},
  year={2007},
}

@phdthesis{vanet1,
  title={城市场景车载Ad Hoc网络单播路由机制的研究},
  author={李元振},
  school={北京邮电大学},
  year={2010},
}

@ARTICLE{blockchain0,  
    author={Dorri, Ali and Steger, Marco and Kanhere, Salil S. and Jurdak, Raja},  
    journal={IEEE Communications Magazine},   
    title={BlockChain: A Distributed Solution to Automotive Security and Privacy},   
    year={2017},  
    volume={55},  
    number={12},  
    pages={119-125},  
    doi={10.1109/MCOM.2017.1700879}}


@inproceedings{blockchaineth,
  title={Self-managed and blockchain-based vehicular ad-hoc networks},
  author={ Leiding, B.  and  Memarmoshrefi, P.  and  Hogrefe, D. },
  booktitle={Acm International Joint Conference on Pervasive \& Ubiquitous Computing: Adjunct},
  pages={137-140},
  year={2016},
}

@article{p2ppof,
  author    = {Giacomo Brambilla and
               Michele Amoretti and
               Francesco Zanichelli},
  title     = {Using Block Chain for Peer-to-Peer Proof-of-Location},
  journal   = {CoRR},
  volume    = {abs/1607.00174},
  year      = {2016},
  url       = {http://arxiv.org/abs/1607.00174},
  archivePrefix = {arXiv},
  eprint    = {1607.00174},
  timestamp = {Mon, 13 Aug 2018 16:46:45 +0200},
  biburl    = {https://dblp.org/rec/journals/corr/BrambillaAZ16.bib},
  bibsource = {dblp computer science bibliography, https://dblp.org}
}

@inproceedings{alice,
  title={I Am Alice, I Was in Wonderland: Secure Location Proof Generation and Verification Protocol},
  author={ Javali, C.  and  Revadigar, G.  and  Rasmussen, K. B.  and  Wen, H.  and  Jha, S. },
  booktitle={Local Computer Networks},
  year={2016},
}

@article{Lu2016Privacy,
  title={Privacy-Preserving Location Proof for Securing Large-Scale Database-Driven Cognitive Radio?Networks},
  author={Lu and Zhou and Haojin and Zhu and Yi and Li and Limin and Sun},
  journal={IEEE internet of things journal},
  volume={3},
  number={4},
  pages={563-571},
  year={2016},
}

@article{2013Toward,
  title={Toward Privacy Preserving and Collusion Resistance in a Location Proof Updating System},
  author={ Zhu, Z.  and  Cao, G. },
  journal={IEEE Transactions on Mobile Computing},
  year={2013},
}

@article{reputation,
  title={A Reputation-Based Announcement Scheme for VANETs},
  author={ Li, Q  and  Malip, A  and  Martin, K. M  and  Ng, S. L  and  Zhang, J },
  journal={IEEE Transactions on Vehicular Technology},
  volume={61},
  number={9},
  pages={4095-4108},
  year={2012},
}

@inproceedings{ephemeral,
  title={On Data-Centric Trust Establishment in Ephemeral Ad Hoc Networks},
  author={ Raya, M.  and  Papadimitratos, Panagiotis  and  Gligor, V. D.  and  Hubaux, J. P. },
  booktitle={Infocom the Conference on Computer Communications IEEE},
  year={2008},
}

@article{2017Distributed,
  title={Distributed Reputation Management for Secure and Efficient Vehicular Edge Computing and Networks},
  author={ Huang, X.  and  Rong, Y.  and  Kang, J.  and  Yan, Z. },
  journal={IEEE Access},
  volume={PP},
  number={99},
  pages={1-1},
  year={2017},
}

@article{2018Blockchain,
  title={Blockchain-based Decentralized Trust Management in Vehicular Networks},
  author={ Yang, Z.  and  Yang, K.  and  Lei, L.  and  Zheng, K.  and  Leung, Vcm },
  journal={IEEE Internet of Things Journal},
  pages={1-1},
  year={2018},
}


@INPROCEEDINGS{v2v,
  author={Islam, Shafkat and Badsha, Shahriar and Sengupta, Shamik},
  booktitle={2020 IEEE International Smart Cities Conference (ISC2)}, 
  title={A Light-weight Blockchain Architecture for V2V Knowledge Sharing at Vehicular Edges}, 
  year={2020},
  volume={},
  number={},
  pages={1-8},
  doi={10.1109/ISC251055.2020.9239055}}
  
@misc{lwq,
  author={李玮祺},
  title={基于区块链和手机传感器的车辆位置验证},
  month={6},
  year={2020}
}
  
@article{edge,
  title={A trust evaluation system based on reputation data in Mobile edge computing network},
  author={ Deng, X.  and  Liu, J.  and  Wang, L.  and  Zhao, Z. },
  journal={Peer-to-Peer Networking and Applications},
  volume={13},
  number={5},
  year={2020},
}

@article{rss,
  title={Trust On the Security of Wireless Vehicular Ad-hoc Networking},
  author={Rawat and  Danda, B.  and Weigle and  Michele, C.  and Yan and Gongjun and Bista and  Bhed, B. },
  journal={Ad-hoc \& sensor wireless networks},
  year={2015},
}

@article{density,
  title={A Privacy-preserving Trust Model based on Blockchain for VANETs},
  author={ Lu, Z.  and  Liu, W.  and  Wang, Q.  and  Gang, Q.  and  Liu, Z. },
  journal={IEEE Access},
  volume={PP},
  pages={1-1},
  year={2018},
}

@misc{
osm,
title = {OpenStreetMap},
author = {{©} OpenStreetMap contributors},
year = {2007},
howpublished = {[EB/OL]},
note = {\url{http://www.openstreetmap.org}}
}

@misc{
pg,
title = {osm2pgrouting},
author = {pgRouting Community},
year = {2008},
howpublished = {[EB/OL]},
note = {\url{https://github.com/pgRouting/osm2pgrouting}}
}

@misc{
leaflet,
title = {Leaflet},
author = {Vladimir Agafonkin},
year = {2010},
howpublished = {[EB/OL]},
note = {\url{https://leafletjs.com/}}
}